@book{ShungUltrasound_Book,
	title         = {{Diagnostic Ultrasound: Imaging and Blood Flow Measurements}},
	author        = {Shung, K. Kirk},
	publisher     = {CRC Press},
	isbn          = {978-1-4665-8264-4},
	date          = {2015-12},
	edition       = {Second Edition},
}
@article{Huang_Smartphone_2012,
	title         = {{Design and implementation of a smartphone-based portable ultrasound pulsed-wave doppler device for blood flow measurement}},
	author        = {Huang, Chih-Chung and Lee, Po-Yang and Chen, Pay-Yu and Liu, Ting-Yu},
	volume        = 59,
	pages         = {182--188},
	doi           = {10.1109/tuffc.2012.2171},
	issn          = {0885-3010},
	url           = {http://ieeexplore.ieee.org/document/6138742/},
	date          = {2012-01},
	issue         = 1,
	journaltitle  = {IEEE Transactions on Ultrasonics, Ferroelectrics and Frequency Control},
}
@article{Jensen_Analysis_PW_1996,
	title         = {{An Analysis of Pulsed Wave Ultrasound Systems for Blood Velocity Estimation}},
	author        = {Jensen, J\o{}rgen Arendt},
	publisher     = {Springer US},
	pages         = {377--384},
	doi           = {10.1007/978-1-4419-8772-3\_61},
	url           = {http://link.springer.com/10.1007/978-1-4419-8772-3\%5F61},
	editor        = {Piero, Leonardo Tortoli and Masotti},
	date          = 1996,
	journaltitle  = {Acoustical Imaging},
}
@article{JanaSmartphone2020,
	title         = {{Smartphone-Based Point-of-Care System Using Continuous-Wave Portable Doppler}},
	author        = {Jana, Biswabandhu and Biswas, Rakesh and Nath, Pallab Kumar and Saha, Goutam and Banerjee, Swapna},
	volume        = 69,
	pages         = {8352--8361},
	doi           = {10.1109/tim.2020.2987654},
	issn          = {0018-9456},
	url           = {https://ieeexplore.ieee.org/document/9064842/},
	date          = {2020-10},
	issue         = 10,
	journaltitle  = {IEEE Transactions on Instrumentation and Measurement},
}
@article{Jensen_Algorithms,
	title         = {{Algorithms for estimating blood velocities using ultrasound}},
	author        = {Jensen, J\o{}rgen Arendt},
	volume        = 38,
	pages         = {358--362},
	doi           = {10.1016/s0041-624x(99)00127-4},
	issn          = {0041624x},
	url           = {https://linkinghub.elsevier.com/retrieve/pii/S0041624X99001274},
	date          = {2000-03},
	issue         = {1-8},
	journaltitle  = {Ultrasonics},
	keywords      = {Medical,Transverse estimators,Velocity estimation},
}
@inproceedings{Advances_BloodFlow_Velocity,
	title         = {{Recent advances in blood flow vector velocity imaging}},
	author        = {Jensen, J\o{}rgen Arendt and Nikolov, Svetoslav Ivanov and Udesen, Jesper and Munk, Peter and Hansen, Kristoffer Lindskov and Pedersen, Mads Moller and Hansen, Peter Moller and Nielsen, Michael Bachmann and Oddershede, Niels and Kortbek, Jacob and Pihl, Michael Johannes and Li, Ye},
	publisher     = {{IEEE}},
	pages         = {262--271},
	doi           = {10.1109/ultsym.2011.0064},
	isbn          = {978-1-4577-1252-4},
	url           = {http://ieeexplore.ieee.org/document/6293382/},
	date          = {2011-10},
	journaltitle  = {2011 IEEE International Ultrasonics Symposium},
}
@thesis{Munk_Thesis,
	title         = {{Estimation of blood velocity vectors using ultrasound}},
	author        = {Munk, Peter},
	publisher     = {Department of Information Technology, Technical University of Denmark},
	url           = {https://findit.dtu.dk/en/catalog/537f0d537401dbcc1200be04},
	institution   = {Technical University of Denmark},
	date          = 2000,
}
@article{Jansson_Estimation_Perfusion,
	title         = {{Estimation of blood perfusion using ultrasound}},
	author        = {Jansson, T and Peresson, H W and Lindstr\"{o}m, K},
	volume        = 213,
	pages         = {193--193},
	doi           = {10.1243/0954411991534915},
	issn          = {0954-4119},
	url           = {http://journals.sagepub.com/doi/10.1243/0954411991534915},
	date          = {1999-03},
	issue         = 3,
	journaltitle  = {Proceedings of the Institution of Mechanical Engineers, Part H: Journal of Engineering in Medicine},
}
@article{Hoskins_Review_Blood_Velocity,
	title         = {{A review of the measurement of blood velocity and related quantities using Doppler ultrasound}},
	author        = {Hoskins, P R},
	volume        = 213,
	pages         = {391--400},
	doi           = {10.1243/0954411991535004},
	url           = {https://doi.org/10.1243/0954411991535004},
	note          = {Pmid: 10581966},
	date          = 1999,
	issue         = 5,
	journaltitle  = {Proceedings of the Institution of Mechanical Engineers, Part H: Journal of Engineering in Medicine},
}
@thesis{Pirnia_Thesis,
	title         = {{Blood velocities estimation using ultrasound}},
	author        = {Pirnia, Elham},
	institution   = {Lund University},
	date          = {2013-09},
}
@thesis{Malene_Blood_Velocity_Thesis,
	title         = {{Development and characterization of algorithms for estimation of blood velocity with ultrasound}},
	author        = {Schlaikjer, Malene},
	institution   = {Technical University of Denmark},
	date          = 2001,
}
@thesis{diianniT_Thesis,
	title         = {{Portable Ultrasound Imaging}},
	author        = {di Ianni, Tommaso},
	publisher     = {Technical University of Denmark, Department of Electrical Engineering},
	institution   = {Technical University of Denmark},
	date          = 2017,
}
@thesis{Olesen_Thesis,
	title         = {{Imaging of In-Vivo Pressure using Ultrasound}},
	author        = {Olesen, Jacob Bjerring},
	publisher     = {Technical University of Denmark, Department of Electrical Engineering},
	institution   = {Technical University of Denmark},
	date          = 2016,
}
@thesis{BrandtA_Thesis,
	title         = {{Evaluation of New Ultrasound Techniques for Clinical Imaging in selected Liver and Vascular Applications}},
	author        = {Brandt, Andreas Hjelm and Nielsen, Michael Bachmann and Jensen, J\o{}rgen Arendt and Hansen, Kristoffer Lindskov and Hemmsen, Martin Christian},
	publisher     = {University of Copenhagen},
	institution   = {University of Copenhagen, Rigshospitalet},
	date          = 2017,
}
@book{Prince_Imaging_Book,
	title         = {{Medical Imaging: Signals and Systems}},
	author        = {Prince, Jerry L and Links, Jonathan M},
	publisher     = {Pearson},
	isbn          = {978-0132145183},
	date          = 2014,
	edition       = {Second Edition},
}
@thesis{2D_Velocity_Estimation_Phase,
	title         = {{2-D blood vector velocity estimation using a phase shift estimator}},
	author        = {Udesen, Jesper},
	publisher     = {Technical University of Denmark, Department of Electrical Engineering},
	isbn          = {87-91184-57-6},
	institution   = {Technical University of Denmark},
	date          = {2006-05},
	keywords      = {Doppler,Ultrasound,blood,vector velocity},
}
@book{Szabo_UltrasoundBook_1,
	title         = {{Diagnostic Ultrasound Imaging: Inside Out}},
	author        = {Szabo, Thomas L.},
	publisher     = {Academic Press},
	isbn          = {0-12-680145-2},
	date          = 2004,
	edition       = {First Edition},
}
@book{POCUS,
	title         = {{A Practical Guide to Point of Care Ultrasound (POCUS)}},
	author        = {Chakraborty, Arunangshu and Ashokka, Balakrishnan},
	publisher     = {Springer Nature Singapore},
	doi           = {10.1007/978-981-16-7687-1},
	isbn          = {978-981-16-7686-4},
	url           = {https://link.springer.com/10.1007/978-981-16-7687-1},
	editor        = {Chakraborty, Arunangshu and Ashokka, Balakrishnan},
	date          = 2022,
}
@article{Matsuoka_Doppler_Rabbit,
	title         = {{Ultrasonic Doppler measurements of blood flow velocity of rabbit retinal vessels using a 45-MHz needle transducer}},
	author        = {Matsuoka, Naoki and Paeng, Dong-Guk and Chen, Ruimin and Ameri, Hossein and Abdallah, Walid and Zhou, Qifa and Fawzi, Amani and Shung, K. Kirk and Humayun, Mark},
	volume        = 248,
	pages         = {675--680},
	doi           = {10.1007/s00417-009-1298-9},
	issn          = {1435-702x},
	url           = {https://doi.org/10.1007/s00417-009-1298-9},
	date          = 2010,
	issue         = 5,
	journaltitle  = {Graefe's Archive for Clinical and Experimental Ophthalmology},
}
@inproceedings{Ding_PW_Pmut,
	title         = {{Pulsed Wave Doppler Ultrasound Using 3.7 MHz Pmuts Toward Wearable Blood Flow Measurements}},
	author        = {Ding, Hong and Yang, Dengfei and Xu, Jinghui and Chen, Xuying and Le, Xianhao and Wang, Yong and Lin, Liwei and Xie, Jin},
	publisher     = {{IEEE}},
	pages         = {400--403},
	doi           = {10.1109/mems46641.2020.9056430},
	isbn          = {978-1-7281-3581-6},
	url           = {https://ieeexplore.ieee.org/document/9056430/},
	date          = {2020-01},
	journaltitle  = {2020 IEEE 33rd International Conference on Micro Electro Mechanical Systems (MEMS)},
}
@thesis{Ramin_Automatic_Ultrasound,
	title         = {{Automatic Ultrasound Scanning}},
	author        = {Moshavegh, Ramin},
	publisher     = {Technical University of Denmark, Department of Electrical Engineering},
	url           = {https://backend.orbit.dtu.dk/ws/portalfiles/portal/128507873/Automatic\%5FUltrasound\%5FScanning.pdf},
	date          = 2016,
}
@book{JensenUltrasoundBook,
	title         = {{Estimation of Blood Velocities Using Ultrasound: A Signal Processing Approach}},
	author        = {Jensen, J\o{}rgen Arendt},
	publisher     = {Department of Electrical Engineering, Technical University of Denmark},
	isbn          = 9780521464840,
	date          = {2013-08},
	edition       = {Third Edition},
}
@article{DingPMUTs,
	title         = {{A Pulsed Wave Doppler Ultrasound Blood Flowmeter by PMUTs}},
	author        = {Ding, Hong and Yang, Dengfei and Qu, Mengjiao and Yang, Chao and Chen, Xuying and Le, Xianhao and Zhu, Ke and Xu, Jinghui and Lin, Liwei and Xie, Jin},
	volume        = 30,
	pages         = {680--682},
	doi           = {10.1109/jmems.2021.3103756},
	issn          = {1941-0158},
	url           = {https://ieeexplore.ieee.org/abstract/document/9515180},
	date          = {2021-10},
	issue         = 5,
	journaltitle  = {Journal of Microelectromechanical Systems},
}
@article{Baker1970,
	title         = {{Pulsed Ultrasonic Doppler Blood-Flow Sensing}},
	author        = {Baker, D.W.},
	volume        = 17,
	pages         = {170--184},
	doi           = {10.1109/t-su.1970.29558},
	issn          = {0018-9537},
	url           = {http://ieeexplore.ieee.org/document/1538563/},
	date          = {1970-07},
	issue         = 3,
	journaltitle  = {{IEEE Transactions on Sonics and Ultrasonics}},
}
@article{Schlindwein1988,
	title         = {{Spectral analysis of Doppler signals and computation of the normalised first moment in real time using a digital signal processor}},
	author        = {Schlindwein, F. S. and Smith, M. J. and Evans, D. H.},
	volume        = 26,
	pages         = {228--232},
	doi           = {10.1007/bf02442271},
	issn          = {0140-0118},
	url           = {http://link.springer.com/10.1007/BF02442271},
	date          = {1988-03},
	issue         = 2,
	journaltitle  = {Medical \& Biological Engineering \& Computing},
}
@inproceedings{Hall_Wall_Filter,
	title         = {{An improved wall filter for flow imaging of low velocity flow}},
	author        = {Hall, Thomas},
	publisher     = {{IEEE}},
	volume        = 3,
	pages         = {1701--1704 vol.3},
	doi           = {10.1109/ultsym.1994.401918},
	isbn          = {0-7803-2012-3},
	url           = {http://ieeexplore.ieee.org/document/401918/},
	date          = {1994-10},
	journaltitle  = {{Proceedings of IEEE Ultrasonics Symposium ULTSYM-94}},
}
@article{Shung1976,
	title         = {{Scattering of Ultrasound by Blood}},
	author        = {Shung, K. Kirk and Sigelmann, Rubens A. and Reid, John M.},
	volume        = {Bme-23},
	pages         = {460--467},
	doi           = {10.1109/tbme.1976.324604},
	issn          = {0018-9294},
	url           = {http://ieeexplore.ieee.org/document/4121084/},
	date          = {1976-11},
	issue         = 6,
	journaltitle  = {{IEEE Transactions on Biomedical Engineering}},
}
@book{Szabo_UltrasoundBook_2,
	title         = {{Diagnostic Ultrasound Imaging: Inside Out}},
	author        = {Szabo, Thomas L.},
	publisher     = {Elsevier},
	doi           = {10.1016/c2011-0-07261-7},
	isbn          = 9780123964878,
	url           = {https://linkinghub.elsevier.com/retrieve/pii/C20110072617},
	date          = 2014,
	edition       = {Second Edition},
}
@book{1999_SummerSchool_Notes,
	title         = {{Linear description of ultrasound imaging systems: Notes for the International Summer School on Advanced Ultrasound Imaging at the Technical University of Denmark}},
	author        = {Jensen, J\o{}rgen Arendt},
	publisher     = {Technical University of Denmark, Department of Electrical Engineering},
	url           = {https://orbit.dtu.dk/en/publications/linear-description-of-ultrasound-imaging-systems-notes-for-the-in},
	date          = 1999,
}
@article{Omura2022,
	title         = {{Characterization of blood mimicking fluid with ultrafast ultrasonic and optical image velocimeters}},
	author        = {Omura, Masaaki and Nagaoka, Ryo and Yagi, Kunimasa and Yoshida, Kenji and Yamaguchi, Tadashi and Hasegawa, Hideyuki},
	volume        = 61,
	pages         = {Sg1067},
	doi           = {10.35848/1347-4065/ac4ea9},
	issn          = {0021-4922},
	url           = {https://iopscience.iop.org/article/10.35848/1347-4065/ac4ea9},
	note          = {Publisher Copyright: \textcopyright{} 2022 The Japan Society of Applied Physics.},
	date          = {2022-07},
	issue         = {Sg},
	journaltitle  = {Japanese Journal of Applied Physics},
	keywords      = {Acoustic properties,Blood flow,Blood mimicking fluid,Particle image velocimetry,Ultrafast ultrasound imaging},
}
@manual{TL082,
	title         = {{TL08xx FET-Input Operational Amplifiers}},
	publisher     = {Texas Instruments},
	url           = {https://www.ti.com/lit/gpn/tl082-n},
	date          = {2021-12},
	journaltitle  = {Texas Instruments},
}
@manual{TL084A,
	title         = {{TL084A General Purpose J-FET Quad Operational Amplifiers}},
	publisher     = {STMicroelectronics},
	url           = {https://www.ti.com/lit/ds/symlink/tl082.pdf},
	date          = {2001-03},
	journaltitle  = {STMicroelectronics},
}
@manual{LM386,
	title         = {{LM386 Low Voltage Audio Power Amplifier}},
	publisher     = {Texas Instruments},
	url           = {https://www.ti.com/lit/ds/symlink/lm386.pdf},
	date          = {2017-05},
	journaltitle  = {Texas Instruments},
}
@manual{AD9833,
	title         = {{AD9833 Low Power, 12.65 mW, 2.3 V to 5.5 V, Programmable Waveform Generator}},
	publisher     = {Analog Devices},
	url           = {https://www.analog.com/media/en/technical-documentation/data-sheets/AD9833.pdf},
	date          = {2019-04},
	journaltitle  = {Analog Devices},
}
@manual{AD8333,
	title        = {{AD8333 DC to 50 MHz, Dual I/Q Demodulator and Phase Shifter}},
	publisher    = {Analog Devices},
	url          = {https://www.analog.com/media/en/technical-documentation/data-sheets/AD8333.pdf},
	date         = {2016-05},
	journaltitle = {Analog Devices},
}
@manual{AD8332,
	title        = {{AD8332 Ultralow Noise VGAs with Preamplifier and Programmable $R_{IN}$}},
	publisher    = {Analog Devices},
	url          = {https://www.analog.com/media/en/technical-documentation/data-sheets/AD8331_8332_8334.pdf},
	date         = {2016-05},
	journaltitle = {Analog Devices},
}

@manual{AD835,
	title         = {{AD835 250 MHz, Voltage Output, 4-Quadrant Multiplier}},
	publisher     = {Analog Devices},
	url           = {https://www.analog.com/media/en/technical-documentation/data-sheets/AD835.pdf},
	date          = {2014-12},
	journaltitle  = {Analog Devices},
}
@manual{AD783,
	title         = {{AD783 Complete Very High Speed Sample-and-Hold Amplifier}},
	publisher     = {Analog Devices},
	url           = {https://www.analog.com/media/en/technical-documentation/data-sheets/AD783.pdf},
	date          = {2014-10},
	journaltitle  = {Analog Devices},
}
@article{Fish_Ultrasonic,
	title         = {{Ultrasonic investigation of blood flow}},
	author        = {Fish, P J},
	volume        = 213,
	pages         = {169--180},
	doi           = {10.1243/0954411991534898},
	url           = {https://doi.org/10.1243/0954411991534898},
	note          = {Pmid: 10420772},
	date          = {1999-03},
	issue         = 3,
	journaltitle  = {Proceedings of the Institution of Mechanical Engineers, Part H: Journal of Engineering in Medicine},
}
@article{Hoskins2010,
	title         = {{Haemodynamics and blood flow measured using ultrasound imaging}},
	author        = {Hoskins, P R},
	volume        = 224,
	pages         = {255--271},
	doi           = {10.1243/09544119jeim572},
	issn          = {0954-4119},
	url           = {http://journals.sagepub.com/doi/10.1243/09544119JEIM572},
	note          = {Pmid: 20349818},
	date          = {2010-02},
	issue         = 2,
	journaltitle  = {Proceedings of the Institution of Mechanical Engineers, Part H: Journal of Engineering in Medicine},
}
@article{Wells1998,
	title         = {{Doppler studies of the vascular system}},
	author        = {Wells, P.N.T},
	volume        = 7,
	pages         = {3--8},
	doi           = {10.1016/s0929-8266(98)00006-8},
	issn          = {09298266},
	url           = {https://linkinghub.elsevier.com/retrieve/pii/S0929826698000068},
	date          = {1998-02},
	issue         = 1,
	journaltitle  = {European Journal of Ultrasound},
	keywords      = {Blood flow,Contrast agents,Doppler ultrasound,Doppler-derived data,Holistic Doppler picture,Tissue motion},
}
@manual{f411re,
	title         = {{STM32F411xE High-performance access line, Arm Cortex-M4 core with DSP and FPU, 512 Kbytes of Flash memory, 100 MHz CPU, ART Accelerator}},
	publisher     = {STMicroelectronics},
	url           = {https://www.st.com/resource/en/datasheet/stm32f411re.pdf},
	date          = {2017-12},
	journaltitle  = {STMicroelectronics},
}
@article{Overview_Emerging_Imaging,
	title         = {{An Overview of Elastography-An Emerging Branch of Medical Imaging}},
	author        = {Sarvazyan, Armen and Hall, Timothy J. and Urban, Matthew W. and Fatemi, Mostafa and Aglyamov, Salavat R. and Garra, Brian S.},
	publisher     = {NIH Public Access},
	volume        = 7,
	pages         = {255--282},
	doi           = {10.2174/157340511798038684},
	issn          = 15734056,
	url           = {http://www.eurekaselect.com/openurl/content.php?genre=article\&issn=1573-4056\&volume=7\&issue=4\&spage=255},
	date          = {2011-11},
	issue         = 4,
	journaltitle  = {Current Medical Imaging Reviews},
	keywords      = {Elasticity,MRE NIH Public Access,MRI,elastography,modulus,stiffness,ultrasound,viscoelasticity},
}
@book{Bankman_Handbook,
	title         = {{Handbook of Medical Image Processing and Analysis}},
	author        = {Bankman, Isaac},
	publisher     = {Academic Press},
	isbn          = {978-0-12-373904-9},
	date          = 2009,
	edition       = {Second Edition},
}
@article{Roobottom2010,
	title         = {{Radiation-reduction strategies in cardiac computed tomographic angiography}},
	author        = {Roobottom, C A and Mitchell, G and Morgan-Hughes, G},
	volume        = 65,
	pages         = {859--867},
	doi           = {https://doi.org/10.1016/j.crad.2010.04.021},
	issn          = {0009-9260},
	url           = {https://www.sciencedirect.com/science/article/pii/S0009926010002369},
	date          = 2010,
	issue         = 11,
	journaltitle  = {Clinical Radiology},
}
@article{Picano2004,
	title         = {{Sustainability of medical imaging}},
	author        = {Picano, Eugenio},
	publisher     = {{BMJ Publishing Group Ltd}},
	volume        = 328,
	pages         = {578--580},
	doi           = {10.1136/bmj.328.7439.578},
	issn          = {0959-8138},
	url           = {https://www.bmj.com/lookup/doi/10.1136/bmj.328.7439.578},
	date          = {2004-03},
	issue         = 7439,
	journaltitle  = {{BMJ}},
}
@article{Winder2021,
	title         = {{Are We Overdoing It? Changes in Diagnostic Imaging Workload during the Years 2010–2020 including the Impact of the SARS-CoV-2 Pandemic}},
	author        = {Winder, Mateusz and Owczarek, Aleksander Jerzy and Chudek, Jerzy and Pilch-Kowalczyk, Joanna and Baron, Jan},
	publisher     = {Multidisciplinary Digital Publishing Institute (MDPI)},
	volume        = 9,
	pages         = 1557,
	doi           = {10.3390/healthcare9111557},
	issn          = {2227-9032},
	url           = {https://www.mdpi.com/2227-9032/9/11/1557},
	date          = {2021-11},
	issue         = 11,
	journaltitle  = {Healthcare},
	keywords      = {COVID-19,Diagnostic imaging,Radiology,Workload},
}
@article{Xu2007_Pulser,
	title         = {{A low-cost bipolar pulse generator for high-frequency ultrasound applications}},
	author        = {Xu, Xiaochen and Yen, Jesse and Shung, K. Kirk},
	volume        = 54,
	pages         = {443--447},
	doi           = {10.1109/tuffc.2007.259},
	issn          = {0885-3010},
	url           = {http://ieeexplore.ieee.org/document/4107704/},
	date          = {2007-02},
	issue         = 2,
	journaltitle  = {IEEE Transactions on Ultrasonics, Ferroelectrics and Frequency Control},
}
@report{Brunner2002,
	title         = {{Ultrasound System Considerations and their Impact on Front-End Components}},
	author        = {Brunner, Eberhard},
	institution   = {Analog Devices, Inc.},
	date          = 2002,
}
@manual{TC6320,
	title         = {{TC6320 N-Channel and P-Channel Enhancement-Mode MOSFET Pair}},
	publisher     = {Microchip Technology, Inc.},
	url           = {https://ww1.microchip.com/downloads/en/DeviceDoc/20005697A.pdf},
	date          = 2017,
}
@manual{MD1213,
	title         = {{MD1213 High-Speed Dual-MOSFET Driver}},
	publisher     = {Microchip Technology, Inc.},
	url           = {https://ww1.microchip.com/downloads/en/DeviceDoc/20005713B.pdf},
	date          = {2017-06},
	journaltitle  = {Analog Devices},
}
@manual{ISL55111,
	title         = {{ISL55111 Dual, High Speed MOSFET Driver}},
	publisher     = {Renesas Electronics},
	url           = {https://www.renesas.com/us/en/document/dst/isl55110-isl55111-datasheet},
	date          = {2021-04},
	journaltitle  = {Renesas Electronics},
}
@manual{AD633,
	title         = {{AD633 Low Cost Analog Multiplier}},
	publisher     = {Analog Devices},
	url           = {https://www.analog.com/media/en/technical-documentation/data-sheets/ad633.pdf},
	date          = {2015-03},
	journaltitle  = {Analog Devices},
}
@manual{EL7104,
	title         = {{EL7104 High Speed, Single Channel, Power MOSFET Driver}},
	publisher     = {Renesas Electronics},
	url           = {https://www.renesas.com/us/en/document/dst/el7104-datasheet},
	date          = {2006-06},
	journaltitle  = {Renesas Electronics},
}
@manual{TX810,
	title         = {{TX810 8-Channel, Programmable T/R Switch for Ultrasound}},
	publisher     = {Texas Instruments},
	url           = {https://www.ti.com/lit/gpn/tx810},
	date          = {2010-04},
	journaltitle  = {Texas Instruments},
}
@thesis{Hansen_thesis,
	title         = {{In-vivo studies of new vector velocity and adaptive spectral estimators in medical ultrasound}},
	author        = {Hansen, Kristoffer Lindskov and Nielsen, Michael Bachmann and Jensen, J\o{}rgen Arendt},
	publisher     = {Technical University of Denmark},
	url           = {https://orbit.dtu.dk/en/publications/in-vivo-studies-of-new-vector-velocity-and-adaptive-spectral-esti},
	date          = 2011,
}
@article{Williams2006,
	title         = {{Ultrahigh frame rate retrospective ultrasound microimaging and blood flow visualization in mice in vivo}},
	author        = {Ch\'{e}rin, Emmanuel and Williams, Ross and Needles, Andrew and Liu, Godwin and White, Christopher and Brown, Allison S. and Zhou, Yu-Qing and Foster, F. Stuart},
	publisher     = {Elsevier},
	volume        = 32,
	pages         = {683--691},
	doi           = {10.1016/j.ultrasmedbio.2005.12.015},
	issn          = {03015629},
	url           = {https://linkinghub.elsevier.com/retrieve/pii/S0301562906000172},
	date          = {2006-05},
	issue         = 5,
	journaltitle  = {Ultrasound in Medicine \& Biology},
	keywords      = {B-scan,Color Doppler,Electrocardiogram,High frame rate,High-frequency ultrasound},
}
@report{DesignDocument,
	title         = {{Design Document for a Pulse Echo Ultrasound System}},
	author        = {Bigelow, Timothy A. and Kellar, Allen and Tapia, Amairani and Ferrer, Francis and Batcheler, Justin and Driggs, Jon and Page, Richard},
	institution   = {Iowa State University},
	date          = {2012-12},
}
@inproceedings{Winckler2012,
	title         = {{The design of a high speed receiver system for an ultrasound array research platform}},
	author        = {Winckler, Charles A. and Smith, Peter R. and Cowell, David M. J. and Olagunju, Olaoluwa and Freear, Steven},
	publisher     = {Ieee},
	pages         = {1481--1484},
	doi           = {10.1109/ultsym.2012.0370},
	isbn          = {978-1-4673-4562-0},
	url           = {http://ieeexplore.ieee.org/document/6562380/},
	date          = {2012-10},
	journaltitle  = {2012 IEEE International Ultrasonics Symposium},
}
@article{Sagdiev2014,
	title         = {{Phased array based ultrasound scanning system development}},
	author        = {Sagdiev, R K and Denisov, E S and Evdokimov, Yu K and Fazlyyyakhmatov, M G and Kashapov, N F},
	publisher     = {IOP Publishing},
	volume        = 69,
	pages         = {012012},
	doi           = {10.1088/1757-899x/69/1/012012},
	issn          = {1757-899x},
	url           = {https://iopscience.iop.org/article/10.1088/1757-899X/69/1/012012},
	date          = {2014-12},
	issue         = 1,
	journaltitle  = {IOP Conference Series: Materials Science and Engineering},
}
@inproceedings{Tsang2009,
	title         = {{Design of a multi-channel pre-beamform data acquisition system for an ultrasound research scanner}},
	author        = {Tsang, Ivan K. H. and Yiu, Billy Y. S. and Cheung, Dave K. H. and Chiu, Harry C. T. and Cheung, Chris C. P. and Yu, Alfred C. H.},
	publisher     = {{IEEE}},
	pages         = {1840--1843},
	doi           = {10.1109/ultsym.2009.5441869},
	isbn          = {978-1-4244-4389-5},
	issn          = 10510117,
	url           = {http://ieeexplore.ieee.org/document/5441869/},
	date          = {2009-09},
	journaltitle  = {2009 IEEE International Ultrasonics Symposium},
	keywords      = {Multi-channel data acquisition,Pre-beamform data,System hardware design},
}
@inproceedings{Wang2016,
	title         = {{Ultrasonic Signal Acquisition and Processing platform based on Zynq SoC}},
	author        = {Wang, Boyang and Saniie, Jafar},
	publisher     = {{IEEE}},
	volume        = {2016-August},
	pages         = {0448--0451},
	doi           = {10.1109/eit.2016.7535282},
	isbn          = {978-1-4673-9985-2},
	issn          = 21540373,
	url           = {http://ieeexplore.ieee.org/document/7535282/},
	date          = {2016-05},
	journaltitle  = {2016 IEEE International Conference on Electro Information Technology (EIT)},
	keywords      = {FPGA,Signal Acquisition and Processing,Ultrasonic System,Zynq SoC},
}
@inproceedings{Wang2019,
	title         = {{A High Performance Ultrasonic System for Flaw Detection}},
	author        = {Wang, Boyang and Saniie, Jafar},
	publisher     = {{IEEE}},
	pages         = {840--843},
	doi           = {10.1109/ultsym.2019.8926280},
	isbn          = {978-1-7281-4596-9},
	url           = {https://ieeexplore.ieee.org/document/8926280/},
	date          = {2019-10},
	journaltitle  = {2019 IEEE International Ultrasonics Symposium (IUS)},
}
@article{Govindan2016,
	title         = {{Hardware and software architectures for computationally efficient three-dimensional ultrasonic data compression}},
	author        = {Govindan, Pramod and Wang, Boyang and Ravi, Prashaanth and Saniie, Jafar},
	publisher     = {Institution of Engineering and Technology},
	volume        = 10,
	pages         = {54--61},
	doi           = {10.1049/iet-cds.2015.0083},
	issn          = {1751-858x},
	url           = {https://onlinelibrary.wiley.com/doi/10.1049/iet-cds.2015.0083},
	date          = {2016-01},
	issue         = 1,
	journaltitle  = {IET Circuits, Devices \& Systems},
}
@article{500Vpulser,
	title         = {{Half bridge topology 500 V pulser for ultrasonic transducer excitation}},
	author        = {Svilainis, Linas and Chaziachmetovas, Andrius and Dumbrava, Vytautas},
	publisher     = {Elsevier B.V.},
	volume        = 59,
	pages         = {79--85},
	doi           = {10.1016/j.ultras.2015.01.014},
	issn          = {0041624x},
	url           = {https://linkinghub.elsevier.com/retrieve/pii/S0041624X15000165},
	date          = {2015-05},
	journaltitle  = {Ultrasonics},
	keywords      = {Half bridge pulser,High voltage pulser,Transducer excitation,Ultrasonic measurements},
}
@article{PWDesignParameters,
	title         = {{Design parameters of pulsed wave ultrasonic Doppler blood flowmeter}},
	author        = {G\"{u}ler, Inan and Sava\c{s}, Yilmaz},
	publisher     = {Springer New York LLC},
	volume        = 22,
	pages         = {273--278},
	doi           = {10.1023/a:1022665802010},
	issn          = {01485598},
	date          = 1998,
	issue         = 4,
	journaltitle  = {Journal of Medical Systems},
	keywords      = {Blood flow,PW Doppler,Quantitative measurement},
}
@article{PICpulser,
	title         = {{Design Of Pic-controlled Pulsed Ultrasonic Transmitter For Measuring Gingiva Thickness}},
	author        = {Ayd\i{}n, Eda Akman and G\"{u}ler, \.{I}nan},
	publisher     = {Taylor \& Francis Group},
	volume        = 38,
	pages         = {411--420},
	doi           = {10.1080/10739149.2010.509149},
	issn          = {1073-9149},
	url           = {http://www.tandfonline.com/doi/abs/10.1080/10739149.2010.509149},
	date          = {2010-10},
	issue         = 6,
	journaltitle  = {Instrumentation Science \& Technology},
	keywords      = {A-mode ultrasound,dentistry,gingiva thickness,pulse-echo,thickness measurement,ultrasonic transmitter},
}
@book{ShungScattering1992,
	title         = {{Ultrasonic scattering in biological tissues}},
	author        = {Shung, K. Kirk and Thieme, Gary A.},
	publisher     = {CRC Press},
	pages         = 499,
	isbn          = 9780849365683,
	url           = {https://www.routledge.com/Ultrasonic-Scattering-in-Biological-Tissues/Shung-Thieme/p/book/9780849365683},
	date          = 1993,
}
@article{Satomura_CW,
	title         = {{Analysis of heart motion with ultrasonic Doppler method and its clinical application}},
	author        = {Satomura, Shigeo and Yoshida, Tsuneo and Mori, Masayoshi and Nimura, Yasuharu and Hikita, Gen-ichi and Takagishi, Shinpachi and Nakanishi, Katsumi},
	publisher     = {Mosby},
	volume        = 61,
	pages         = {61--75},
	doi           = {10.1016/0002-8703(61)90517-8},
	issn          = {00028703},
	url           = {https://linkinghub.elsevier.com/retrieve/pii/0002870361905178},
	date          = {1961-01},
	issue         = 1,
	journaltitle  = {American Heart Journal},
}
@article{polymeric_micropump,
	title         = {{A fully polymeric micropump with piezoelectric actuator}},
	author        = {Nguyen, Nam-Trung and Truong, Thai-Quang},
	volume        = 97,
	pages         = {137--143},
	doi           = {https://doi.org/10.1016/S0925-4005(03)00521-5},
	issn          = {0925-4005},
	url           = {https://www.sciencedirect.com/science/article/pii/S0925400503005215},
	date          = 2004,
	issue         = 1,
	journaltitle  = {Sensors and Actuators B: Chemical},
	keywords      = {Microfluidics,Micropumps,PMMA,Polymeric micromachining,SU-8},
}
@article{micro_checkvalve,
	title         = {{Micro check valves for integration into polymeric microfluidic devices}},
	author        = {Nguyen, Nam-Trung and Truong, Thai-Quang and Wong, Kok-Keong and Ho, Soon-Seng and Low, Cassandra Lee-Ngo},
	volume        = 14,
	pages         = 69,
	doi           = {10.1088/0960-1317/14/1/309},
	issn          = {0960-1317},
	url           = {https://dx.doi.org/10.1088/0960-1317/14/1/309},
	date          = 2004,
	issue         = 1,
	journaltitle  = {Journal of Micromechanics and Microengineering},
}
@article{microvalve_review,
	title         = {{A review of microvalves}},
	author        = {Oh, Kwang W and Ahn, Chong H},
	volume        = 16,
	pages         = {R13},
	doi           = {10.1088/0960-1317/16/5/r01},
	url           = {https://dx.doi.org/10.1088/0960-1317/16/5/R01},
	date          = {2006-03},
	issue         = 5,
	journaltitle  = {Journal of Micromechanics and Microengineering},
}
@manual{MCP41010,
	title         = {{MCP41010 Digital Potentiometer with SPI Interface}},
	publisher     = {Microchip Technology, Inc.},
	url           = {https://ww1.microchip.com/downloads/en/devicedoc/11195c.pdf},
	date          = 2003,
}
@manual{ECS2520MV,
	title         = {{ECS-2520MV SMD MultiVolt Crystal Oscillator}},
	publisher     = {ECS, Inc.},
	url           = {https://ecsxtal.com/store/pdf/ECS-2520S.pdf},
	date          = 2022,
}
@manual{AD8061,
	title         = {{AD8061 300 MHz Rail-to-Rail Amplifier}},
	publisher     = {Analog Devices, Inc.},
	url           = {https://www.analog.com/media/en/technical-documentation/data-sheets/ad8061\%5F8062\%5F8063.pdf},
	date          = 2013,
}
@manual{AD8051,
	title         = {{AD8051 110 MHz Rail-to-Rail Amplifier}},
	publisher     = {Analog Devices, Inc.},
	url           = {https://www.analog.com/media/en/technical-documentation/data-sheets/AD8051\%5F8052\%5F8054.pdf},
	date          = 2019,
}
@manual{OPA847,
	title         = {{OPA847 Wideband VF Operational Amplifier}},
	publisher     = {Texas Instruments, Inc.},
	url           = {https://www.ti.com/lit/ds/symlink/opa847.pdf},
	date          = 2008,
}
@manual{74LVC1GU04,
	title         = {{74LVC1GU04 Unbuffered Inverter}},
	publisher     = {Nexperia B.V.},
	url           = {https://assets.nexperia.com/documents/data-sheet/74LVC1GU04.pdf},
	date          = 2022,
}
@manual{TPS54283,
	title         = {{TPS54283 Dual Non-synchronous Converter with Integrated High-side MOSFET}},
	publisher     = {Texas Instruments, Inc.},
	url           = {https://www.ti.com/lit/gpn/tps54286},
	date          = {2007-10},
}
@manual{ADP7182,
	title         = {{ADP7182 –28 V, -200 mA, Low Noise, Linear Regulator}},
	publisher     = {Analog Devices, Inc.},
	url           = {https://www.analog.com/media/en/technical-documentation/data-sheets/adp7182.pdf},
	date          = {2019-06},
}
@manual{TL497A,
	title         = {{TL497A 500 mA Peak Step-up, Step-down, Inverting Switching Voltage Regulator}},
	publisher     = {Texas Instruments, Inc.},
	url           = {https://www.ti.com/lit/ds/symlink/tl497a.pdf},
	date          = {2005-02},
}
@manual{TL071,
	title         = {{TL071 Low-Noise FET-Input Operational Amplifiers}},
	publisher     = {Texas Instruments, Inc.},
	url           = {https://www.ti.com/lit/gpn/tl074},
	date          = {2021-07},
}
@manual{TSR1,
	title         = {{TSR 1-24120 Non-Isolated DC/DC Converter}},
	publisher     = {Traco Electronic AG},
	url           = {https://www.tracopower.com/sites/default/files/products/datasheets/tsr1\%5Fdatasheet.pdf},
	date          = {2022-06},
}
@article{polymer_amanda,
	title         = {{Polymer micro valve with a hydraulic piezo-drive fabricated by the AMANDA process}},
	author        = {Rogge, Tilmann and Rummler, Zeno and Schomburg, Werner Karl},
	publisher     = {Elsevier},
	volume        = 110,
	pages         = {206--212},
	doi           = {10.1016/j.sna.2003.10.056},
	issn          = {0924-4247},
	date          = {2004-02},
	issue         = {1-3},
	journaltitle  = {Sensors and Actuators A: Physical},
	keywords      = {AMANDA process,Hydraulic,Microvalve,Polymer},
}
@article{piezoelectric_microvalve2003,
	title         = {{A piezoelectric microvalve for compact high-frequency, high-differential pressure hydraulic micropumping systems}},
	author        = {Roberts, David C. and Li, Hanqing and Steyn, Lodewyk and Yaglioglu, Onnik and Spearing, S. Mark and Schmidt, Martin A. and Hagood, Nesbitt W.},
	volume        = 12,
	pages         = {81--92},
	doi           = {10.1109/jmems.2002.807471},
	issn          = 10577157,
	date          = {2003-02},
	issue         = 1,
	journaltitle  = {Journal of Microelectromechanical Systems},
	keywords      = {Hydraulic amplification,MEMS,Micropump,Microvalve,Piezoelectric},
}
@article{fabrication_hf_valve,
	title         = {{Fabrication of a high frequency piezoelectric microvalve}},
	author        = {Li, H. Q. and Roberts, D. C. and Steyn, J. L. and Turner, K. T. and Yaglioglu, O. and Hagood, N. W. and Spearing, S. M. and Schmidt, M. A.},
	publisher     = {Elsevier},
	volume        = 111,
	pages         = {51--56},
	doi           = {10.1016/j.sna.2003.10.013},
	issn          = {0924-4247},
	date          = {2004-03},
	issue         = 1,
	journaltitle  = {Sensors and Actuators A: Physical},
	keywords      = {Hydraulic amplification,MEMS,Microvalve,Multilayer,Piezoelectric},
}
@manual{TLE207x,
	title         = {{TLE207x, TLE207xA Excalibur Low-noise High-speed JFET-input Operational Amplifiers}},
	publisher     = {Texas Instruments},
	url           = {https://www.ti.com/lit/gpn/tle2071},
	date          = {2009-12},
}

@online{cmake,
 	title={{CMake Tools - Visual Studio Marketplace}},
 	url={https://marketplace.visualstudio.com/items?itemName=ms-vscode.cmake-tools},
 	journal={Marketplace},
 	publisher={Microsoft},
 	date={2023-02},
	urldate = {2023-02-15},
}

@online{zephyrprojectdocumentation,
	title={{Zephyr Project Documentation}},
	url={https://docs.zephyrproject.org/latest/},
	journal={Zephyr Project Documentation},
	publisher={Zephyr Project},
	date={2022-09},
	urldate = {2023-02-15},
}

@online{ninja,
	title={{Ninja, a small build system with a focus on speed}},
	url={https://ninja-build.org/},
	journal={Ninja-Build},
	date={2022-08},
	urldate = {2023-02-15},
}

@online{github_firmware,
	title={{doppler_pwm Firmware Repository}},
	url={https://github.com/s163555/doppler_pwm},
	journal={GitHub},
	date={2023-03},
	urldate = {2023-04-12},
}